https://zbib.org/e057df4c3965441eaf5ce4dfef1205cb

@online{nobel_companies_2011,
  author = {Nobel, Carmen},
  title = {Why Companies Fail—and How Their Founders Can Bounce Back},
  year = 2011,
  url = {https://hbswk.hbs.edu/item/6591.html},
  urldate = {2021-10-05},
  note = {Last accessed on 05/10/2021}
}

@online{european_tech_2021,
  author = {{State of European Tech}},
  title = {State of European Tech 2021},
  year = 2021,
  url = {https://stateofeuropeantech.com/},
  urldate = {2021-10-05},
  note = {Last accessed on 05/10/2021}
}

@online{f6s_press_2012,
  author = {Sarah Gavin},
  organization = {{F6S}},
  title = {f6s Takes Wraps Off Global Startup Community},
  year = 2012,
  url = {https://web.archive.org/web/20140714051840/http://www.f6s.com/files/press/f6sRelease_August162012.pdf},
  urldate = {2021-10-05},
  note = {Last accessed on 05/10/2021, via Internet Archive}
}

@online{techstars_2021,
  author = {{Techstars}},
  title = {Techstars is the global platform for investment and innovation. We connect entrepreneurs, investors, and corporations},
  year = 2021,
  url = {https://www.techstars.com/},
  urldate = {2021-10-05},
  note = {Last accessed on 05/10/2021}
}

@online{ycombinator_2021,
  author = {{Y Combinator}},
  title = {Y Combinator created a new model for funding early stage startups. Twice a year we invest in a large number of startups.},
  year = 2021,
  url = {https://www.ycombinator.com},
  urldate = {2021-10-05},
  note = {Last accessed on 05/10/2021}
}

@online{foundry_2021,
  author = {{The Foundry}},
  title = {The Foundry – Transforming Concepts into Companies},
  year = 2021,
  url = {https://thefoundry.com},
  urldate = {2021-10-05},
  note = {Last accessed on 05/10/2021}
}

@online{scholar_2021,
  author = {{Google Scholar}},
  title = {Google Scholar provides a simple way to broadly search for scholarly literature. Search across a wide variety of disciplines and sources: articles, theses, books, abstracts and court opinions.},
  year = 2021,
  url = {https://scholar.google.com/},
  urldate = {2021-11-15},
  note = {Last accessed on 15/11/2021}
}

@online{f6s_2021,
  author = {{F6S}},
  title = {F6S connects 4 million founders and startups to funding, jobs & free hosting deals},
  year = 2021,
  url = {https://www.f6s.com},
  urldate = {2021-11-25},
  note = {Last accessed on 25/11/2021}
}

@online{crunchbase_2021,
  author = {{Crunchbase}},
  title = {Crunchbase: Discover innovative companies and the people behind them},
  year = 2021,
  url = {https://www.crunchbase.com},
  urldate = {2021-11-25},
  note = {Last accessed on 25/11/2021}
}

@online{python_2021,
  author = {{Python}},
  title = {The official home of the Python Programming Language},
  year = 2021,
  url = {https://www.python.org},
  urldate = {2021-10-05},
  note = {Last accessed on 05/10/2021}
}

@online{crunchbase_documentation_2021,
  author = {{Crunchbase}},
  organization = {{SwaggerHub}},
  title = {Crunchbase Enterprise API},
  year = 2021,
  url = {https://app.swaggerhub.com/apis-docs/Crunchbase/crunchbase-enterprise_api/1.0.3#/},
  urldate = {2021-11-25},
  note = {Last accessed on 25/11/2021}
}

@online{dinheiro_vivo_2019,
  author = {{dinheiro vivo}},
  title = {Alar Kolk: “Portugal tem potencial para ser um Silicon Valley europeu”},
  year = 2019,
  url = {https://www.dinheirovivo.pt/brand-story/alar-kolk-portugal-tem-potencial-para-ser-um-silicon-valley-europeu-12809442.html},
  urldate = {2021-11-25},
  note = {Last accessed on 25/11/2021}
}

@online{nest_collective_2021,
  author = {{Nest Collective}},
  title = {Nest is a collective of product studios which has created a model for company collaboration and incubation.},
  year = 2021,
  url = {https://nestcollective.co},
  urldate = {2021-10-05},
  note = {Last accessed on 05/10/2021}
}

@online{fidalgo_template_2021,
  author = {Antonio Fidalgo},
  title = {A .Rmd Template for Master's Dissertations at CLSBE},
  year = 2021,
  url = {https://af-ucp.courses/public/notes/clsbe-template/},
  urldate = {2021-12-30},
  note = {Last accessed on 30/12/2021}
}

@Manual{r_2020,
  title = {R: A Language and Environment for Statistical Computing},
  author = {{R Core Team}},
  organization = {R Foundation for Statistical Computing},
  address = {Vienna, Austria},
  year = {2020},
  url = {https://www.R-project.org/},
}

@Manual{rmd_dynamic_2021,
  title = {rmarkdown: Dynamic Documents for R},
  author = {JJ Allaire and Yihui Xie and Jonathan McPherson and Javier Luraschi and Kevin Ushey and Aron Atkins and Hadley Wickham and Joe Cheng and Winston Chang and Richard Iannone},
  year = {2021},
  note = {R package version 2.11},
  url = {https://github.com/rstudio/rmarkdown},
}

@Book{rmd_definitive_2018,
  title = {R Markdown: The Definitive Guide},
  author = {Yihui Xie and J.J. Allaire and Garrett Grolemund},
  publisher = {Chapman and Hall/CRC},
  address = {Boca Raton, Florida},
  year = {2018},
  note = {ISBN 9781138359338},
  url = {https://bookdown.org/yihui/rmarkdown},
}

@Book{rmd_cookbook_2020,
  title = {R Markdown Cookbook},
  author = {Yihui Xie and Christophe Dervieux and Emily Riederer},
  publisher = {Chapman and Hall/CRC},
  address = {Boca Raton, Florida},
  year = {2020},
  note = {ISBN 9780367563837},
  url = {https://bookdown.org/yihui/rmarkdown-cookbook},
}

@article{kuratko_small_1987,
  title={Small business incubators for local economic development},
  author={Kuratko, Donald F. and LaFollette, William R.},
  journal={Economic Development Review},
  volume={5},
  number={2},
  pages={49},
  year={1987},
  publisher={International Economic Development Council}
}

@article{gonzalez_effects_2018,
  title={The effects of business accelerators on venture performance: Evidence from start-up Chile},
  author={Gonzalez-Uribe, Juanita and Leatherbee, Michael},
  journal={The Review of Financial Studies},
  volume={31},
  number={4},
  pages={1566--1603},
  year={2018},
  publisher={Oxford University Press}
}

@article{hackett_systematic_2004,
	title = {A systematic review of business incubation research},
	volume = {29},
	issn = {0892-9912},
	url = {http://link.springer.com/10.1023/B:JOTT.0000011181.11952.0f},
	doi = {10.1023/B:JOTT.0000011181.11952.0f},
	language = {en},
	number = {1},
	urldate = {2021-10-05},
	journal = {The Journal of Technology Transfer},
	author = {Hackett, Sean M. and Dilts, David M.},
	month = jan,
	year = {2004},
	pages = {55--82},
}

@article{hochberg_accelerating_2016,
	title = {Accelerating entrepreneurs and ecosystems: The seed accelerator model},
	volume = {16},
	issn = {1531-3468, 1537-2618},
	shorttitle = {Accelerating {Entrepreneurs} and {Ecosystems}},
	url = {https://www.journals.uchicago.edu/doi/10.1086/684985},
	doi = {10.1086/684985},
	language = {en},
	urldate = {2021-10-05},
	journal = {Innovation Policy and the Economy},
	author = {Hochberg, Yael V.},
	month = jan,
	year = {2016},
	pages = {25--51},
}

@article{cohen_accelerating_2014,
	title = {Accelerating startups: The seed accelerator phenomenon},
	issn = {1556-5068},
	shorttitle = {Accelerating {Startups}},
	url = {http://www.ssrn.com/abstract=2418000},
	doi = {10.2139/ssrn.2418000},
	language = {en},
	urldate = {2021-10-05},
	journal = {SSRN Electronic Journal},
	author = {Cohen, Susan L. and Hochberg, Yael V.},
	year = {2014},
}

@article{shankar_accelerating_2019,
	title = {Accelerating strategic fit or venture emergence: Different paths adopted by corporate accelerators},
	volume = {34},
	issn = {08839026},
	shorttitle = {Accelerating strategic fit or venture emergence},
	url = {https://linkinghub.elsevier.com/retrieve/pii/S0883902617308376},
	doi = {10.1016/j.jbusvent.2018.06.004},
	language = {en},
	number = {5},
	urldate = {2021-10-05},
	journal = {Journal of Business Venturing},
	author = {Shankar, Raj K and Shepherd, Dean A},
	month = sep,
	year = {2019},
	pages = {105886},
}

@article{winston_smith_accelerators_2013,
	title = {Accelerators and crowd-funding: Complementarity, competition, or convergence in the earliest stages of financing new ventures?},
	issn = {1556-5068},
	shorttitle = {Accelerators and {Crowd}-{Funding}},
	url = {http://www.ssrn.com/abstract=2298875},
	doi = {10.2139/ssrn.2298875},
	language = {en},
	urldate = {2021-10-05},
	journal = {SSRN Electronic Journal},
	author = {Winston Smith, Sheryl and Hannigan, T.J. and Gasiorowski, Laura L.},
	year = {2013},
}

@article{hausberg_business_2020,
	title = {Business incubators and accelerators: a co-citation analysis-based, systematic literature review},
	volume = {45},
	issn = {0892-9912, 1573-7047},
	shorttitle = {Business incubators and accelerators},
	url = {http://link.springer.com/10.1007/s10961-018-9651-y},
	doi = {10.1007/s10961-018-9651-y},
	language = {en},
	number = {1},
	urldate = {2021-10-05},
	journal = {The Journal of Technology Transfer},
	author = {Hausberg, J. Piet and Korreck, Sabrina},
	month = feb,
	year = {2020},
	pages = {151--176},
}

@article{becker_corporate_2006,
	title = {Corporate incubators: Industrial R\&D and what universities can learn from them},
	volume = {31},
	issn = {0892-9912, 1573-7047},
	shorttitle = {Corporate {Incubators}},
	url = {http://link.springer.com/10.1007/s10961-006-0008-6},
	doi = {10.1007/s10961-006-0008-6},
	language = {en},
	number = {4},
	urldate = {2021-10-05},
	journal = {The Journal of Technology Transfer},
	author = {Becker, Barbara and Gassmann, Oliver},
	month = jul,
	year = {2006},
	pages = {469--483},
}

@article{aerts_critical_2007,
	title = {Critical role and screening practices of European business incubators},
	volume = {27},
	issn = {01664972},
	url = {https://linkinghub.elsevier.com/retrieve/pii/S0166497206001209},
	doi = {10.1016/j.technovation.2006.12.002},
	language = {en},
	number = {5},
	urldate = {2021-10-05},
	journal = {Technovation},
	author = {Aerts, Kris and Matthyssens, Paul and Vandenbempt, Koen},
	month = may,
	year = {2007},
	pages = {254--267},
}

@article{hallen_accelerators_2020,
	title = {Do accelerators work? If so, how?},
	volume = {31},
	issn = {1047-7039, 1526-5455},
	shorttitle = {Do {Accelerators} {Work}?},
	url = {http://pubsonline.informs.org/doi/10.1287/orsc.2019.1304},
	doi = {10.1287/orsc.2019.1304},
	language = {en},
	number = {2},
	urldate = {2021-10-05},
	journal = {Organization Science},
	author = {Hallen, Benjamin L. and Cohen, Susan L. and Bingham, Christopher B.},
	month = mar,
	year = {2020},
	pages = {378--414},
}

@article{barbero_different_2014,
	title = {Do different types of incubators produce different types of innovations?},
	volume = {39},
	issn = {0892-9912, 1573-7047},
	url = {http://link.springer.com/10.1007/s10961-013-9308-9},
	doi = {10.1007/s10961-013-9308-9},
	language = {en},
	number = {2},
	urldate = {2021-10-05},
	journal = {The Journal of Technology Transfer},
	author = {Barbero, José L. and Casillas, José C. and Wright, Mike and Garcia, Alicia R.},
	month = apr,
	year = {2014},
	pages = {151--168},
}

@article{fishback_finding_2007,
	title = {Finding business 'idols': A new model to accelerate start-ups},
	issn = {1556-5068},
	shorttitle = {Finding {Business} '{Idols}'},
	url = {http://www.ssrn.com/abstract=1001926},
	doi = {10.2139/ssrn.1001926},
	language = {en},
	urldate = {2021-10-05},
	journal = {SSRN Electronic Journal},
	author = {Fishback, Bowman and Gulbranson, Christine A. and Litan, Robert E. and Mitchell, Lesa and Porzig, Marisa A.},
	year = {2007},
}

@article{yu_accelerators_2020,
  title={How do accelerators impact the performance of high-technology ventures?},
  author={Yu, Sandy},
  journal={Management Science},
  volume={66},
  number={2},
  pages={530--552},
  year={2020},
  publisher={INFORMS}
}

@article{cohen_how_2013,
	title = {How to accelerate learning: Entrepreneurial ventures participating in accelerator programs},
	volume = {2013},
	issn = {0065-0668, 2151-6561},
	shorttitle = {How to {Accelerate} {Learning}},
	url = {http://journals.aom.org/doi/10.5465/ambpp.2013.14803abstract},
	doi = {10.5465/ambpp.2013.14803abstract},
	language = {en},
	number = {1},
	urldate = {2021-10-05},
	journal = {Academy of Management Proceedings},
	author = {Cohen, Susan L.},
	month = jan,
	year = {2013},
	pages = {14803},
}

@article{tripathi_insights_2019,
	title = {Insights into startup ecosystems through exploration of multi-vocal literature},
	volume = {105},
	issn = {09505849},
	url = {https://linkinghub.elsevier.com/retrieve/pii/S095058491830168X},
	doi = {10.1016/j.infsof.2018.08.005},
	language = {en},
	urldate = {2021-10-05},
	journal = {Information and Software Technology},
	author = {Tripathi, Nirnaya and Seppänen, Pertti and Boominathan, Ganesh and Oivo, Markku and Liukkunen, Kari},
	month = jan,
	year = {2019},
	pages = {56--77},
}

@article{mueller_passion_2017,
	title = {Passion and grit: An exploration of the pathways leading to venture success},
	volume = {32},
	issn = {08839026},
	shorttitle = {Passion and grit},
	url = {https://linkinghub.elsevier.com/retrieve/pii/S0883902617301040},
	doi = {10.1016/j.jbusvent.2017.02.001},
	language = {en},
	number = {3},
	urldate = {2021-10-05},
	journal = {Journal of Business Venturing},
	author = {Mueller, Brandon A. and Wolfe, Marcus T. and Syed, Imran},
	month = may,
	year = {2017},
	pages = {260--279},
}

@article{tripathi_startup_2019,
	title = {Startup ecosystem effect on minimum viable product development in software startups},
	volume = {114},
	issn = {09505849},
	url = {https://linkinghub.elsevier.com/retrieve/pii/S0950584919301417},
	doi = {10.1016/j.infsof.2019.06.008},
	language = {en},
	urldate = {2021-10-05},
	journal = {Information and Software Technology},
	author = {Tripathi, Nirnaya and Oivo, Markku and Liukkunen, Kari and Markkula, Jouni},
	month = oct,
	year = {2019},
	pages = {77--91},
}

@article{lamine_technology_2018,
	title = {Technology business incubation mechanisms and sustainable regional development},
	volume = {43},
	issn = {0892-9912, 1573-7047},
	url = {http://link.springer.com/10.1007/s10961-016-9537-9},
	doi = {10.1007/s10961-016-9537-9},
	language = {en},
	number = {5},
	urldate = {2021-10-05},
	journal = {The Journal of Technology Transfer},
	author = {Lamine, Wadid and Mian, Sarfraz and Fayolle, Alain and Wright, Mike and Klofsten, Magnus and Etzkowitz, Henry},
	month = oct,
	year = {2018},
	pages = {1121--1141},
}

@article{cohen_design_2019,
	title = {The design of startup accelerators},
	volume = {48},
	issn = {00487333},
	url = {https://linkinghub.elsevier.com/retrieve/pii/S0048733319300939},
	doi = {10.1016/j.respol.2019.04.003},
	language = {en},
	number = {7},
	urldate = {2021-10-05},
	journal = {Research Policy},
	author = {Cohen, Susan L. and Fehder, Daniel C. and Hochberg, Yael V. and Murray, Fiona},
	month = sep,
	year = {2019},
	pages = {1781--1797},
}

@article{bruneel_evolution_2012,
	title = {The Evolution of Business Incubators: Comparing demand and supply of business incubation services across different incubator generations},
	volume = {32},
	issn = {01664972},
	shorttitle = {The {Evolution} of {Business} {Incubators}},
	url = {https://linkinghub.elsevier.com/retrieve/pii/S0166497211001659},
	doi = {10.1016/j.technovation.2011.11.003},
	language = {en},
	number = {2},
	urldate = {2021-10-05},
	journal = {Technovation},
	author = {Bruneel, Johan and Ratinho, Tiago and Clarysse, Bart and Groen, Aard},
	month = feb,
	year = {2012},
	pages = {110--121},
}

@article{wise_impact_2014,
	title = {The impact on management experience on the performance of start-ups within accelerators},
	volume = {18},
	issn = {1096-5572, 2168-8508},
	url = {http://jpe.pm-research.com/lookup/doi/10.3905/jpe.2014.18.1.009},
	doi = {10.3905/jpe.2014.18.1.009},
	language = {en},
	number = {1},
	urldate = {2021-10-05},
	journal = {The Journal of Private Equity},
	author = {Wise, Sean and Valliere, Dave},
	month = nov,
	year = {2014},
	pages = {9--19},
}

@article{de_noni_role_2018,
	title = {The role of collaborative networks in supporting the innovation performances of lagging-behind European regions},
	volume = {47},
	issn = {00487333},
	url = {https://linkinghub.elsevier.com/retrieve/pii/S0048733317301567},
	doi = {10.1016/j.respol.2017.09.006},
	language = {en},
	number = {1},
	urldate = {2021-10-05},
	journal = {Research Policy},
	author = {De Noni, Ivan and Orsi, Luigi and Belussi, Fiorenza},
	month = feb,
	year = {2018},
	pages = {1--13},
}

@article{peters_role_2004,
	title = {The role of incubators in the entrepreneurial process},
	volume = {29},
	issn = {0892-9912},
	url = {http://link.springer.com/10.1023/B:JOTT.0000011182.82350.df},
	doi = {10.1023/B:JOTT.0000011182.82350.df},
	language = {en},
	number = {1},
	urldate = {2021-10-05},
	journal = {The Journal of Technology Transfer},
	author = {Peters, Lois and Rice, Mark and Sundararajan, Malavika},
	month = jan,
	year = {2004},
	pages = {83--91},
}

@article{colombelli_be_2016,
	title = {To be born is not enough: the key role of innovative start-ups},
	volume = {47},
	issn = {0921-898X, 1573-0913},
	shorttitle = {To be born is not enough},
	url = {http://link.springer.com/10.1007/s11187-016-9716-y},
	doi = {10.1007/s11187-016-9716-y},
	language = {en},
	number = {2},
	urldate = {2021-10-05},
	journal = {Small Business Economics},
	author = {Colombelli, Alessandra and Krafft, Jackie and Vivarelli, Marco},
	month = aug,
	year = {2016},
	pages = {277--291},
}

@article{pauwels_understanding_2016,
	title = {Understanding a new generation incubation model: {The} accelerator},
	volume = {50-51},
	issn = {01664972},
	shorttitle = {Understanding a new generation incubation model},
	url = {https://linkinghub.elsevier.com/retrieve/pii/S0166497215000644},
	doi = {10.1016/j.technovation.2015.09.003},
	language = {en},
	urldate = {2021-10-05},
	journal = {Technovation},
	author = {Pauwels, Charlotte and Clarysse, Bart and Wright, Mike and Van Hove, Jonas},
	month = apr,
	year = {2016},
	pages = {13--24},
}

@book{lewis_does_2002,
	address = {Athens, Ohio},
	series = {Research series},
	title = {Does technology incubation work? a critical review of the evidence},
	isbn = {9781887183574},
	shorttitle = {Does technology incubation work?},
	language = {eng},
	publisher = {NBIA-Publ},
	author = {Lewis, David A.},
	year = {2002},
}

@article{hirsch_index_2005,
	title = {An index to quantify an individual's scientific research output},
	volume = {102},
	issn = {0027-8424, 1091-6490},
	url = {http://www.pnas.org/cgi/doi/10.1073/pnas.0507655102},
	doi = {10.1073/pnas.0507655102},
	language = {en},
	number = {46},
	urldate = {2021-10-05},
	journal = {Proceedings of the National Academy of Sciences},
	author = {Hirsch, Jorge E.},
	month = nov,
	year = {2005},
	pages = {16569--16572},
}

@article{grimaldi_business_2005,
	title = {Business incubators and new venture creation: an assessment of incubating models},
	volume = {25},
	issn = {01664972},
	shorttitle = {Business incubators and new venture creation},
	url = {https://linkinghub.elsevier.com/retrieve/pii/S0166497203000762},
	doi = {10.1016/S0166-4972(03)00076-2},
	language = {en},
	number = {2},
	urldate = {2021-10-05},
	journal = {Technovation},
	author = {Grimaldi, Rosa and Grandi, Alessandro},
	month = feb,
	year = {2005},
	pages = {111--121},
}

@article{udell_are_1990,
	title = {Are business incubators really creating new jobs by creating new business and new products},
	volume = {7},
	issn = {0737-6782, 1540-5885},
	url = {https://onlinelibrary.wiley.com/doi/10.1111/1540-5885.720108},
	doi = {10.1111/1540-5885.720108},
	language = {en},
	number = {2},
	urldate = {2021-10-05},
	journal = {Journal of Product Innovation Management},
	author = {Udell, Gerald G.},
	month = jun,
	year = {1990},
	pages = {108--122},
}
